4126 5422
885 366 896 375 ⁴
916 366 988 379 stad-«¹1
1015 366 1018 371 ¹
1040 367 1123 379 ·ϊι’.ι,
1164 364 1168 371 ¹

203 491 282 552 loele
323 489 480 568 archonte,
520 488 576 549 sed
613 489 706 552 rnulto
745 488 864 550 denrurn
902 499 971 571 post
998 526 1039 537 -
1067 499 1100 552 ut
1137 492 1235 551 visum
1275 491 1386 551 l'atero
1426 490 1483 553 Ol·
1508 491 1563 569 δῖ,
1602 489 1616 551 l
1649 524 1689 533 ·-
1726 489 1869 554 editum-

203 624 273 666 esse
301 620 405 683 posse.

325 717 386 777 laur
413 736 485 778 roro
513 718 634 798 siquis
676 716 835 779 nobiseum
874 719 903 777 in
937 717 1064 777 Beckeri
1103 718 1141 779 de
1169 726 1293 781 anctore
1319 720 1451 779 Vitarnnr
1489 719 1671 779 sententiaro
1709 721 1842 780 animurn

204 834 340 910 acclinet,
375 829 554 909 Rubnkenii,
581 830 712 910 Taylori,
745 831 861 910 lleieri,
890 831 1027 909 aliorum,
1068 833 1119 913 qui
1142 830 1299 895 Plutarolro
1327 831 1464 892 libellum
1491 830 1575 891 illurn
1617 830 1840 914 abiudicarunt,

205 957 234 1011 et
258 946 354 1028 ipsius
380 943 509 1005 Beckeri
540 936 584 1026 10)
612 952 790 1027 argumenta
828 946 903 1005 satis
940 962 1094 1026 superque
1120 954 1254 1027 monent,
1294 964 1332 1007 ne
1359 945 1449 1006 nimia
1489 943 1666 1027 l'orte'orga
1693 945 1843 1009 Plutarchi

203 1079 315 1125 nomen
340 1057 490 1138 religione
517 1057 607 1138 ducti,
646 1058 768 1119 nimiam
803 1058 895 1119 rebus
932 1059 962 1117 in
995 1057 1080 1119 bisce
1106 1057 1306 1121 collectaneis
1344 1059 1492 1120 enarratis
1529 1058 1618 1120 bdenr
1656 1059 1843 1139 lrabearnns3

205 1175 262 1238 sed
288 1177 351 1235 iure
378 1170 501 1252 quidem
526 1172 595 1252 plus
623 1173 659 1233 iis
686 1172 819 1233 tribuere
847 1171 960 1250 licebit,
997 1190 1073 1251 quas
1100 1190 1138 1233 ex
1164 1172 1385 1253 antiquioribus
1418 1191 1519 1233 rernm
1545 1174 1745 1253 scriptoribus
1783 1195 1843 1237 au-

206 1299 271 1353 ctor
293 1287 435 1349 transisse
450 1284 580 1365 videtur,
607 1306 698 1367 qnam
723 1287 772 1367 iis,
799 1302 886 1367 quaS,
912 1285 994 1347 unde
1020 1288 1194 1367 surripuerit,
1220 1306 1259 1348 ne
1286 1286 1429 1366 opinione
1455 1285 1578 1367 quidem
1605 1289 1748 1370 augurari
1764 1309 1843 1370 pos-

207 1420 321 1465 sumus.
371 1398 477 1479 Neque
502 1406 605 1459 tamen
629 1398 706 1485 baec
731 1398 856 1480 indigna
883 1417 1026 1479 canseaS,
1055 1418 1134 1480 quae
1159 1419 1272 1461 verane
1299 1401 1360 1461 sint
1399 1416 1437 1459 an
1462 1399 1540 1461 lalsa
1567 1418 1634 1462 cunr
1661 1401 1739 1482 aliis,
1767 1422 1846 1484 (puae

204 1519 270 1578 istis
285 1514 461 1592 cohaerent,
487 1513 690 1593 comparando
718 1520 748 1573 et
772 1521 871 1573 utrum
897 1531 965 1573 cunr
992 1514 1137 1593 temporis
1163 1514 1333 1575 rationibus
1360 1520 1450 1593 atque
1477 1514 1658 1577 condicione
1674 1526 1846 1599 congruant

205 1627 437 1713 perscrutando,
477 1628 652 1688 coniectura
688 1627 873 1709 assequaris.
925 1626 1010 1687 ldenr-
1045 1626 1109 1687 lere
1135 1627 1173 1688 de
1199 1627 1313 1706 l‘lrotio,
1352 1629 1404 1709 qni
1438 1626 1628 1691 Plutarcbunr
1662 1632 1844 1713 compilavit,

206 1743 368 1808 dicendum
396 1758 477 1818 csse,
504 1742 663 1821 exipsius
689 1743 734 1803 rei
759 1749 867 1803 natura
894 1739 1003 1803 elucet.

326 1870 385 1934 Sed
411 1871 506 1934 rcdoo
530 1874 560 1934 in
584 1873 663 1934 vianr
694 1880 724 1934 et
748 1871 787 1933 ad
811 1872 912 1935 locunr
937 1873 1081 1952 Vitarunr,
1119 1892 1208 1954 quern
1229 1873 1276 1941 ¹in
1310 1873 1456 1952 principio
1493 1872 1581 1935 buius
1621 1873 1846 1941 dissertationis

205 1987 335 2050 laudari.
387 1986 513 2066 Quodsi,
540 2005 619 2068 qnae
645 1987 814 2066 praemissa
840 1994 920 2066 sunt,
948 1986 1089 2066 efficiunt,
1117 1987 1147 2047 id
1172 1986 1254 2068 qnod
1279 1987 1319 2047 ibi
1345 1994 1498 2069 tarnquanr
1523 2006 1675 2069 parergon
1703 1990 1741 2051 dc
1767 2011 1846 2055 anno

207 2102 300 2164 natali
325 2100 434 2181 Lysiae
460 2100 606 2162 adiecerit
632 2106 738 2161 auctor
749 2100 894 2180 Vitarunr,
921 2120 938 2160 a
964 2102 1091 2161 veritate
1118 2099 1294 2180 abborrere,
1321 2103 1380 2161 iam
1406 2118 1497 2181 qnam
1521 2101 1641 2183 exigua,
1682 2123 1721 2166 nc
1749 2105 1847 2167 dicam

206 2217 290 2277 nulla
329 2213 388 2275 srde
413 2215 452 2274 sit
487 2215 516 2273 irr
541 2213 647 2293 rebus,
681 2230 758 2293 quas
784 2213 899 2275 diserte
925 2215 1045 2292 asserit,
1081 2214 1179 2293 iisque
1205 2215 1234 2273 in
1261 2214 1371 2294 quibus
1399 2215 1546 2275 maiorem
1572 2234 1675 2277 curam
1700 2196 1749 2285 rzbl
1776 2220 1847 2282 ool-

207 2330 347 2391 leetanea
373 2334 549 2389 exarantem
576 2326 720 2388 adbibere
746 2327 916 2407 oportebat,
959 2326 1038 2388 idenr
1065 2333 1172 2389 nostor
1197 2327 1283 2386 loeus
1311 2328 1427 2406 probat.
1494 2328 1568 2389 Naar
1596 2331 1737 2412 eundem,
1780 2353 1848 2395 cunr

208 2443 246 2505 de
273 2460 363 2523 anno,
406 2458 466 2521 quo
493 2446 582 2501 natus
616 2441 656 2501 sit
680 2440 867 2519 mutandos,
905 2439 1021 2520 aderat,
1057 2460 1136 2521 quae
1176 2448 1207 2501 et
1232 2440 1289 2520 ipsi
1317 2441 1476 2502 verissima
1502 2445 1567 2503 visa
1604 2462 1676 2507 esse
1714 2447 1848 2525 speciem

207 2556 320 2618 babent
346 2590 388 2601 -
418 2553 506 2615 deest
531 2555 612 2615 eninr
638 2553 712 2615 illud
738 2558 844 2639 φασίν,
874 2554 957 2637 quod
981 2557 1010 2615 in
1037 2555 1104 2616 Vita
1128 2555 1237 2635 Lysiae
1263 2555 1441 2633 scriptorem
1461 2550 1506 2635 11)
1528 2556 1756 2636 quodammodo
1785 2560 1847 2621 du-

206 2671 352 2732 bitantem
378 2668 480 2750 prodit
506 2704 547 2713 —
576 2685 675 2749 aeque
702 2676 794 2750 atque
820 2668 858 2730 de
882 2669 973 2749 Lysia
997 2666 1075 2729 lalsa
1101 2668 1300 2747 prompsisse,
1334 2668 1445 2727 nemini
1471 2670 1600 2748 amplius
1628 2671 1751 2732 dubium
1777 2692 1849 2735 esse

207 2786 326 2865 poterit,
365 2785 451 2844 cuius
488 2783 517 2843 in
560 2799 666 2843 uranus
692 2781 799 2844 Meteri
824 2790 856 2843 et
880 2783 1024 2863 imprimis
1051 2781 1152 2842 Valeri
1179 2799 1215 2841 ea
1242 2781 1280 2841 de
1304 2799 1338 2841 re
1376 2780 1594 2843 subtilissimae
1628 2783 1848 2864 disputationes

207 2904 422 2978 pervenerunt.
481 2896 615 2966 Quorum
642 2895 764 2976 quidem
790 2896 923 2958 virorum
961 2894 1120 2957 doctorum
1145 2894 1434 2974 Pseudoplntarclro,
1463 2903 1496 2956 ut
1521 2896 1636 2977 volunt,
1674 2898 1731 2960 lrae
1757 2901 1788 2959 in
1815 2920 1849 2963 re

208 3010 298 3071 fidem
325 3008 541 3089 denegantium
568 3008 682 3087 primus
708 3009 842 3071 lleierus
872 3002 920 3091 12)
945 3007 1135 3071 Andocidem
1173 3008 1267 3069 rnnlto
1295 3016 1365 3087 post
1388 3008 1464 3069 illud
1489 3017 1619 3090 ternpus,
1659 3030 1719 3092 quo
1747 3022 1850 3075 natunr

208 3125 293 3183 Vitae
319 3141 388 3182 euru
414 3120 567 3199 exbibeut,
595 3120 708 3182 editum
739 3140 821 3203 esse,
863 3123 977 3202 optime
1006 3129 1118 3200 monet,
1159 3129 1230 3201 post
1266 3119 1350 3181 illrrrrr
1374 3122 1502 3184 Vaterus
1535 3113 1579 3204 13)
1607 3127 1784 3190 acutissime
1812 3128 1850 3191 do

209 3236 318 3298 eadunt
351 3255 384 3296 re
412 3234 582 3315 disputans,
625 3232 705 3294 idern
732 3235 910 3298 necessario
952 3234 1150 3315 domonstrat,
1188 3236 1279 3295 inrrno
1306 3254 1389 3313 vero,
1427 3254 1487 3317 qna
1513 3238 1542 3296 irr
1570 3256 1612 3314 re,
1652 3257 1772 3319 vereor,
1812 3261 1851 3304 ne

208 3351 319 3412 nimius
346 3351 394 3429 sit,
436 3349 568 3409 eundenr
593 3350 660 3428 ipso
687 3349 775 3409 tertio
802 3347 984 3429 olympiadis
1011 3349 1220 3430 octogesimae
1246 3355 1372 3427 quartae
1399 3367 1478 3410 anno
1509 3343 1553 3425 Η)
1580 3358 1683 3411 natum
1709 3355 1853 3417 evincere

208 3472 345 3528 conatur.
394 3462 544 3542 'lernpore
569 3463 741 3524 recentiore
767 3480 869 3541 uerno,
905 3460 989 3542 quod
1014 3462 1119 3541 sciam,
1157 3463 1296 3522 inventus
1324 3471 1382 3543 ost,
1425 3464 1476 3545 qui
1502 3463 1573 3527 data
1606 3483 1701 3545 opera
1727 3486 1795 3530 earn
1822 3471 1852 3532 in

208 3598 272 3641 rem
299 3578 473 3660 inquireret.

329 3692 388 3754 Sed
415 3698 577 3771 antequam
604 3689 642 3751 ad
657 3691 759 3752 Valeri
785 3698 964 3773 argumenta
989 3689 1209 3770 perscrutanda
1236 3690 1452 3772 aggrediamur
1477 3699 1644 3773 nostraque
1672 3694 1850 3778 adiciamus,

209 3806 314 3886 paucis
341 3804 443 3885 morlo,
470 3812 502 3865 ut
528 3803 567 3865 de
592 3824 625 3865 re
652 3823 713 3866 non
738 3804 869 3885 amplius
895 3804 997 3883 dubia,
1024 3802 1184 3865 dicendum
1210 3803 1330 3864 videtur·
1356 3803 1394 3865 de
1421 3812 1568 3885 ternpore,
1595 3824 1656 3887 qno
1681 3811 1851 3873 orationem

211 3918 248 3979 do
276 3920 428 3997 mysteriis
454 3917 620 3998 profanatis
657 3918 798 3981 babuerit
821 3906 1009 3995 Andocides,
1048 3919 1135 3979 euius
1161 3925 1297 3978 extreurn
1332 3919 1523 3997 potissimum
1561 3927 1646 4000 parto
1685 3928 1744 3983 tarn
1783 3923 1851 3985 lose

210 4031 249 4094 do
275 4049 310 4093 se
336 4034 462 4113 suisque
488 4033 688 4115 agitaretur,
728 4038 769 4111 nt,
808 4051 898 4112 quarn
925 4048 1015 4093 nnarn
1042 4030 1105 4092 lere
1131 4050 1185 4111 pro
1222 4029 1315 4091 londo
1351 4030 1462 4093 linirent
1487 4034 1626 4113 Valerus,
1670 4037 1719 4098 cui
1757 4044 1849 4101 totam

314 4381 350 4443 ¹⁰)
370 4381 392 4431 b.
410 4379 426 4428 l.
446 4395 488 4444 pg.
506 4380 562 4431 129.

314 4466 350 4528 n)
369 4467 393 4515 t.
412 4465 426 4514 r.

314 4550 352 4605 Η)
370 4550 509 4604 lJorunrent.
528 4550 560 4602 tlt
579 4552 609 4601 do
627 4552 776 4609 Andocidls,
795 4570 860 4621 quac
880 4554 955 4621 vulgo
975 4555 1048 4604 lentur
1072 4562 1160 4605 rrrrrtrn
1180 4554 1346 4617 ‚tlrilriadenq
1367 4556 1488 4605 oratione.

317 4636 353 4693 13)
372 4637 429 4692 lior.
447 4638 544 4690 dndne.
563 4640 648 4704 partie.
669 4638 685 4691 Ι.

316 4722 351 4783 tt)
370 4720 394 4775 L,
411 4721 426 4770 l.
445 4738 502 4789 pag.
521 4724 560 4777 dl.
