<?xml version="1.0" encoding="UTF-8"?>
<!DOCTYPE html PUBLIC "-//W3C//DTD XHTML 1.0 Transitional//EN"
    "http://www.w3.org/TR/xhtml1/DTD/xhtml1-transitional.dtd">
<html xmlns="http://www.w3.org/1999/xhtml" xml:lang="en" lang="en">
 <head>
  <title>
</title>
<meta http-equiv="Content-Type" content="text/html;charset=utf-8" />
  <meta name='ocr-system' content='tesseract 3.04.00' />
  <meta name='ocr-capabilities' content='ocr_page ocr_carea ocr_par ocr_line ocrx_word'/>
</head>
<body>
  <div class='ocr_page' id='page_1' title='image "./deannoquonatuss00voelgoog_0026.png"; bbox 0 0 4170 5416; ppageno 0'>
   <div class='ocr_carea' id='block_1_1' title="bbox 828 289 1136 395">
    <p class='ocr_par' dir='ltr' id='par_1_1' title="bbox 828 289 1136 395">
     <span class='ocr_line' id='line_1_1' title="bbox 828 289 1136 395; baseline 0 0"><span class='ocrx_word' id='word_1_1' title='bbox 828 289 1136 395; x_wconf 40' lang='grc' dir='ltr'><strong>ΜΕΝ</strong></span> 
     </span>
    </p>
   </div>
   <div class='ocr_carea' id='block_1_2' title="bbox 156 504 1805 1608">
    <p class='ocr_par' dir='ltr' id='par_1_2' title="bbox 156 504 1802 703">
     <span class='ocr_line' id='line_1_2' title="bbox 156 504 1802 590; baseline -0.002 -18"><span class='ocrx_word' id='word_1_2' title='bbox 156 509 227 572; x_wconf 84' lang='lat' dir='ltr'><strong>tteti</strong></span> <span class='ocrx_word' id='word_1_3' title='bbox 253 507 373 569; x_wconf 86' lang='lat' dir='ltr'><strong>insulae</strong></span> <span class='ocrx_word' id='word_1_4' title='bbox 400 506 658 590; x_wconf 75' lang='lat' dir='ltr'><strong>expugnationem</strong></span> <span class='ocrx_word' id='word_1_5' title='bbox 682 504 816 585; x_wconf 88' lang='lat' dir='ltr'><strong>ideoque</strong></span> <span class='ocrx_word' id='word_1_6' title='bbox 843 512 913 568; x_wconf 87' lang='lat' dir='ltr'><strong>ante</strong></span> <span class='ocrx_word' id='word_1_7' title='bbox 939 512 1070 588; x_wconf 80' lang='lat' dir='ltr'><strong>tempus,</strong></span> <span class='ocrx_word' id='word_1_8' title='bbox 1106 524 1166 588; x_wconf 85' lang='lat' dir='ltr'><strong>quo</strong></span> <span class='ocrx_word' id='word_1_9' title='bbox 1192 508 1301 587; x_wconf 91' lang='lat' dir='ltr'><strong>oratio,</strong></span> <span class='ocrx_word' id='word_1_10' title='bbox 1339 505 1378 566; x_wconf 89' lang='lat' dir='ltr'><strong>dc</strong></span> <span class='ocrx_word' id='word_1_11' title='bbox 1405 524 1464 586; x_wconf 79' lang='lat' dir='ltr'><strong>qua</strong></span> <span class='ocrx_word' id='word_1_12' title='bbox 1490 512 1539 568; x_wconf 90' lang='lat' dir='ltr'><strong>est</strong></span> <span class='ocrx_word' id='word_1_13' title='bbox 1563 504 1715 587; x_wconf 87' lang='lat' dir='ltr'><strong>quaestio,</strong></span> <span class='ocrx_word' id='word_1_14' title='bbox 1741 504 1802 569; x_wconf 87' lang='lat' dir='ltr'><strong>ha-</strong></span> 
     </span>
     <span class='ocr_line' id='line_1_3' title="bbox 157 610 473 703; baseline -0.013 -18"><span class='ocrx_word' id='word_1_15' title='bbox 157 624 217 685; x_wconf 87' lang='lat' dir='ltr'><strong>bita</strong></span> <span class='ocrx_word' id='word_1_16' title='bbox 244 638 317 683; x_wconf 88' lang='lat' dir='ltr'><strong>esso</strong></span> <span class='ocrx_word' id='word_1_17' title='bbox 343 610 473 703; x_wconf 80' lang='lat' dir='ltr'><strong>degitur.</strong></span> 
     </span>
    </p>

    <p class='ocr_par' dir='ltr' id='par_1_3' title="bbox 156 720 1805 1608">
     <span class='ocr_line' id='line_1_4' title="bbox 274 720 1799 818; baseline 0.001 -24"><span class='ocrx_word' id='word_1_18' title='bbox 274 720 339 795; x_wconf 79' lang='lat' dir='ltr'><strong>Neo</strong></span> <span class='ocrx_word' id='word_1_19' title='bbox 365 733 452 814; x_wconf 88' lang='lat' dir='ltr'><strong>plura</strong></span> <span class='ocrx_word' id='word_1_20' title='bbox 478 742 511 795; x_wconf 92' lang='lat' dir='ltr'><strong>ut</strong></span> <span class='ocrx_word' id='word_1_21' title='bbox 537 734 576 794; x_wconf 86' lang='lat' dir='ltr'><strong>dc</strong></span> <span class='ocrx_word' id='word_1_22' title='bbox 602 752 636 795; x_wconf 91' lang='lat' dir='ltr'><strong>re</strong></span> <span class='ocrx_word' id='word_1_23' title='bbox 661 734 800 799; x_wconf 87' lang='lat' dir='ltr'><strong>coniecta</strong></span> <span class='ocrx_word' id='word_1_24' title='bbox 836 755 939 818; x_wconf 87' lang='lat' dir='ltr'><strong>neque</strong></span> <span class='ocrx_word' id='word_1_25' title='bbox 976 734 1105 816; x_wconf 87' lang='lat' dir='ltr'><strong>amplius</strong></span> <span class='ocrx_word' id='word_1_26' title='bbox 1143 735 1244 796; x_wconf 88' lang='lat' dir='ltr'><strong>dubia.</strong></span> <span class='ocrx_word' id='word_1_27' title='bbox 1308 733 1407 795; x_wconf 91' lang='lat' dir='ltr'><strong>Unum</strong></span> <span class='ocrx_word' id='word_1_28' title='bbox 1442 732 1501 795; x_wconf 87' lang='lat' dir='ltr'><strong>hoc</strong></span> <span class='ocrx_word' id='word_1_29' title='bbox 1539 732 1661 794; x_wconf 81' lang='lat' dir='ltr'><strong>adicere</strong></span> <span class='ocrx_word' id='word_1_30' title='bbox 1697 733 1799 815; x_wconf 83' lang='lat' dir='ltr'><strong>liceat,</strong></span> 
     </span>
     <span class='ocr_line' id='line_1_5' title="bbox 156 839 1803 928; baseline -0.001 -18"><span class='ocrx_word' id='word_1_31' title='bbox 156 849 264 910; x_wconf 84' lang='lat' dir='ltr'><strong>mirum</strong></span> <span class='ocrx_word' id='word_1_32' title='bbox 290 854 374 908; x_wconf 88' lang='lat' dir='ltr'><strong>certe</strong></span> <span class='ocrx_word' id='word_1_33' title='bbox 400 839 512 926; x_wconf 67' lang='lat' dir='ltr'><strong>rideri,⁴</strong></span> <span class='ocrx_word' id='word_1_34' title='bbox 533 847 570 909; x_wconf 82' lang='lat' dir='ltr'><strong>ab</strong></span> <span class='ocrx_word' id='word_1_35' title='bbox 596 848 718 928; x_wconf 81' lang='lat' dir='ltr'><strong>optimis</strong></span> <span class='ocrx_word' id='word_1_36' title='bbox 743 848 826 912; x_wconf 90' lang='lat' dir='ltr'><strong>iliius</strong></span> <span class='ocrx_word' id='word_1_37' title='bbox 853 851 965 913; x_wconf 87' lang='lat' dir='ltr'><strong>aetatis</strong></span> <span class='ocrx_word' id='word_1_38' title='bbox 990 848 1165 910; x_wconf 85' lang='lat' dir='ltr'><strong>auctoribus</strong></span> <span class='ocrx_word' id='word_1_39' title='bbox 1190 862 1291 928; x_wconf 85' lang='lat' dir='ltr'><strong>nequo</strong></span> <span class='ocrx_word' id='word_1_40' title='bbox 1318 847 1377 910; x_wconf 93' lang='lat' dir='ltr'><strong>hoc</strong></span> <span class='ocrx_word' id='word_1_41' title='bbox 1403 865 1504 928; x_wconf 88' lang='lat' dir='ltr'><strong>neque</strong></span> <span class='ocrx_word' id='word_1_42' title='bbox 1530 844 1614 907; x_wconf 90' lang='lat' dir='ltr'><strong>aliud</strong></span> <span class='ocrx_word' id='word_1_43' title='bbox 1640 848 1803 928; x_wconf 85' lang='lat' dir='ltr'><strong>quicquam</strong></span> 
     </span>
     <span class='ocr_line' id='line_1_6' title="bbox 158 959 1803 1044; baseline -0.001 -21"><span class='ocrx_word' id='word_1_44' title='bbox 158 962 195 1023; x_wconf 81' lang='lat' dir='ltr'><strong>ab</strong></span> <span class='ocrx_word' id='word_1_45' title='bbox 219 959 382 1022; x_wconf 82' lang='lat' dir='ltr'><strong>Andocide</strong></span> <span class='ocrx_word' id='word_1_46' title='bbox 418 959 577 1040; x_wconf 84' lang='lat' dir='ltr'><strong>praeclare</strong></span> <span class='ocrx_word' id='word_1_47' title='bbox 616 969 738 1044; x_wconf 80' lang='lat' dir='ltr'><strong>gestum</strong></span> <span class='ocrx_word' id='word_1_48' title='bbox 764 964 932 1026; x_wconf 79' lang='lat' dir='ltr'>memoriae</span> <span class='ocrx_word' id='word_1_49' title='bbox 957 961 1110 1044; x_wconf 88' lang='lat' dir='ltr'><strong>proditum</strong></span> <span class='ocrx_word' id='word_1_50' title='bbox 1136 978 1218 1040; x_wconf 85' lang='lat' dir='ltr'><strong>esse,</strong></span> <span class='ocrx_word' id='word_1_51' title='bbox 1258 980 1337 1041; x_wconf 80' lang='lat' dir='ltr'><strong>cram,</strong></span> <span class='ocrx_word' id='word_1_52' title='bbox 1365 962 1391 1021; x_wconf 91' lang='lat' dir='ltr'><strong>si</strong></span> <span class='ocrx_word' id='word_1_53' title='bbox 1417 967 1533 1021; x_wconf 87' lang='lat' dir='ltr'><strong>tantum</strong></span> <span class='ocrx_word' id='word_1_54' title='bbox 1559 961 1589 1019; x_wconf 93' lang='lat' dir='ltr'><strong>in</strong></span> <span class='ocrx_word' id='word_1_55' title='bbox 1616 960 1738 1021; x_wconf 87' lang='lat' dir='ltr'><strong>civitate</strong></span> <span class='ocrx_word' id='word_1_56' title='bbox 1765 978 1803 1022; x_wconf 92' lang='lat' dir='ltr'><strong>eo</strong></span> 
     </span>
     <span class='ocr_line' id='line_1_7' title="bbox 158 1054 1805 1156; baseline -0.001 -20"><span class='ocrx_word' id='word_1_57' title='bbox 158 1082 295 1154; x_wconf 89' lang='lat' dir='ltr'><strong>tempore</strong></span> <span class='ocrx_word' id='word_1_58' title='bbox 320 1072 478 1153; x_wconf 86' lang='lat' dir='ltr'><strong>valuisset,</strong></span> <span class='ocrx_word' id='word_1_59' title='bbox 519 1081 552 1135; x_wconf 90' lang='lat' dir='ltr'><strong>nt</strong></span> <span class='ocrx_word' id='word_1_60' title='bbox 576 1093 644 1137; x_wconf 89' lang='lat' dir='ltr'><strong>curn</strong></span> <span class='ocrx_word' id='word_1_61' title='bbox 670 1076 743 1137; x_wconf 81' lang='lat' dir='ltr'><strong>viris</strong></span> <span class='ocrx_word' id='word_1_62' title='bbox 781 1074 842 1135; x_wconf 86' lang='lat' dir='ltr'><strong>iilis</strong></span> <span class='ocrx_word' id='word_1_63' title='bbox 880 1075 1066 1156; x_wconf 86' lang='lat' dir='ltr'><strong>principibus</strong></span> <span class='ocrx_word' id='word_1_64' title='bbox 1093 1074 1132 1134; x_wconf 93' lang='lat' dir='ltr'><strong>de</strong></span> <span class='ocrx_word' id='word_1_65' title='bbox 1157 1075 1339 1135; x_wconf 87' lang='lat' dir='ltr'><strong>ostracismo</strong></span> <span class='ocrx_word' id='word_1_66' title='bbox 1366 1072 1577 1150; x_wconf 67' lang='lat' dir='ltr'><strong>conitenderet</strong></span> <span class='ocrx_word' id='word_1_67' title='bbox 1604 1054 1685 1152; x_wconf 66' lang='lat' dir='ltr'><strong>alia,</strong></span> <span class='ocrx_word' id='word_1_68' title='bbox 1724 1091 1805 1153; x_wconf 86' lang='lat' dir='ltr'><strong>quae</strong></span> 
     </span>
     <span class='ocr_line' id='line_1_8' title="bbox 156 1185 1803 1270; baseline -0.001 -22"><span class='ocrx_word' id='word_1_69' title='bbox 156 1187 239 1249; x_wconf 92' lang='lat' dir='ltr'><strong>idem</strong></span> <span class='ocrx_word' id='word_1_70' title='bbox 266 1188 556 1249; x_wconf 75' lang='lat' dir='ltr'><strong>commemoratione</strong></span> <span class='ocrx_word' id='word_1_71' title='bbox 584 1187 675 1270; x_wconf 86' lang='lat' dir='ltr'><strong>digna</strong></span> <span class='ocrx_word' id='word_1_72' title='bbox 701 1186 836 1268; x_wconf 86' lang='lat' dir='ltr'><strong>iecisset,</strong></span> <span class='ocrx_word' id='word_1_73' title='bbox 865 1187 978 1250; x_wconf 86' lang='lat' dir='ltr'><strong>deesse</strong></span> <span class='ocrx_word' id='word_1_74' title='bbox 1003 1186 1085 1249; x_wconf 89' lang='lat' dir='ltr'><strong>haud</strong></span> <span class='ocrx_word' id='word_1_75' title='bbox 1110 1185 1200 1248; x_wconf 89' lang='lat' dir='ltr'><strong>iacile</strong></span> <span class='ocrx_word' id='word_1_76' title='bbox 1225 1194 1363 1265; x_wconf 79' lang='lat' dir='ltr'><strong>possent.</strong></span> <span class='ocrx_word' id='word_1_77' title='bbox 1423 1185 1576 1267; x_wconf 84' lang='lat' dir='ltr'><strong>Numquid</strong></span> <span class='ocrx_word' id='word_1_78' title='bbox 1602 1187 1716 1247; x_wconf 92' lang='lat' dir='ltr'><strong>minimi</strong></span> <span class='ocrx_word' id='word_1_79' title='bbox 1740 1203 1803 1266; x_wconf 93' lang='lat' dir='ltr'><strong>pu-</strong></span> 
     </span>
     <span class='ocr_line' id='line_1_9' title="bbox 157 1298 1804 1383; baseline -0.001 -23"><span class='ocrx_word' id='word_1_80' title='bbox 157 1298 291 1380; x_wconf 85' lang='lat' dir='ltr'><strong>tandum,</strong></span> <span class='ocrx_word' id='word_1_81' title='bbox 317 1299 533 1380; x_wconf 77' lang='lat' dir='ltr'><strong>Thucydidem,</strong></span> <span class='ocrx_word' id='word_1_82' title='bbox 572 1318 674 1360; x_wconf 88' lang='lat' dir='ltr'><strong>rerum</strong></span> <span class='ocrx_word' id='word_1_83' title='bbox 712 1302 891 1380; x_wconf 81' lang='lat' dir='ltr'><strong>scriptorem</strong></span> <span class='ocrx_word' id='word_1_84' title='bbox 929 1302 1153 1383; x_wconf 83' lang='lat' dir='ltr'><strong>gravissimum,</strong></span> <span class='ocrx_word' id='word_1_85' title='bbox 1192 1317 1305 1360; x_wconf 90' lang='lat' dir='ltr'><strong>nomen</strong></span> <span class='ocrx_word' id='word_1_86' title='bbox 1338 1298 1485 1361; x_wconf 86' lang='lat' dir='ltr'><strong>delatoris</strong></span> <span class='ocrx_word' id='word_1_87' title='bbox 1512 1299 1804 1378; x_wconf 88' lang='lat' dir='ltr'><strong>Hermocopidarum</strong></span> 
     </span>
     <span class='ocr_line' id='line_1_10' title="bbox 159 1411 1805 1494; baseline 0 -20"><span class='ocrx_word' id='word_1_88' title='bbox 159 1411 277 1493; x_wconf 78' lang='lat' dir='ltr'><strong>afferre,</strong></span> <span class='ocrx_word' id='word_1_89' title='bbox 315 1429 430 1492; x_wconf 82' lang='lat' dir='ltr'><strong>operae</strong></span> <span class='ocrx_word' id='word_1_90' title='bbox 465 1413 597 1494; x_wconf 89' lang='lat' dir='ltr'><strong>pretium</strong></span> <span class='ocrx_word' id='word_1_91' title='bbox 634 1431 696 1475; x_wconf 90' lang='lat' dir='ltr'><strong>non</strong></span> <span class='ocrx_word' id='word_1_92' title='bbox 721 1412 878 1493; x_wconf 87' lang='lat' dir='ltr'><strong>habuisse,</strong></span> <span class='ocrx_word' id='word_1_93' title='bbox 918 1411 1011 1494; x_wconf 86' lang='lat' dir='ltr'><strong>quod,</strong></span> <span class='ocrx_word' id='word_1_94' title='bbox 1054 1414 1081 1475; x_wconf 91' lang='lat' dir='ltr'><strong>si</strong></span> <span class='ocrx_word' id='word_1_95' title='bbox 1106 1412 1160 1475; x_wconf 90' lang='lat' dir='ltr'><strong>illo</strong></span> <span class='ocrx_word' id='word_1_96' title='bbox 1185 1412 1380 1493; x_wconf 89' lang='lat' dir='ltr'><strong>potissimum</strong></span> <span class='ocrx_word' id='word_1_97' title='bbox 1405 1412 1587 1473; x_wconf 85' lang='lat' dir='ltr'><strong>ostracismo</strong></span> <span class='ocrx_word' id='word_1_98' title='bbox 1623 1412 1805 1474; x_wconf 85' lang='lat' dir='ltr'><strong>breviante</strong></span> 
     </span>
     <span class='ocr_line' id='line_1_11' title="bbox 158 1522 942 1608; baseline -0.003 -21"><span class='ocrx_word' id='word_1_99' title='bbox 158 1533 319 1606; x_wconf 83' lang='lat' dir='ltr'><strong>tantopere</strong></span> <span class='ocrx_word' id='word_1_100' title='bbox 344 1522 550 1608; x_wconf 77' lang='lat' dir='ltr'><strong>inclaruisset,</strong></span> <span class='ocrx_word' id='word_1_101' title='bbox 578 1533 681 1590; x_wconf 85' lang='lat' dir='ltr'><strong>tacere</strong></span> <span class='ocrx_word' id='word_1_102' title='bbox 707 1527 758 1588; x_wconf 85' lang='lat' dir='ltr'><strong>vix</strong></span> <span class='ocrx_word' id='word_1_103' title='bbox 784 1524 942 1587; x_wconf 78' lang='lat' dir='ltr'><strong>debebat?</strong></span> 
     </span>
    </p>
   </div>
   <div class='ocr_carea' id='block_1_3' title="bbox 0 0 2094 5416">
    <p class='ocr_par' dir='ltr' id='par_1_4' title="bbox 0 0 2094 5416">
     <span class='ocr_line' id='line_1_12' title="bbox 0 0 2094 5416; baseline 0 0"><span class='ocrx_word' id='word_1_104' title='bbox 0 0 2094 5416; x_wconf 95' lang='lat' dir='ltr'><strong> </strong></span> 
     </span>
    </p>
   </div>
  </div>
 </body>
</html>
