4126 5422
1018 261 1039 327 2

209 479 337 539 superet
364 479 543 533 nititarctie.
584 479 611 532 ct
639 475 682 533 sie
713 492 818 534 eurum
846 477 1028 537 senteutiam
1055 476 1206 538 refutarit.
1250 477 1301 560 qui
1331 482 1455 557 propter
1481 471 1604 538 dicendi
1639 476 1768 541 [ormam
1797 482 1852 546 ln-

209 593 359 665 eamptam
386 594 478 665 atque
503 587 688 647 imumlitam
716 596 743 647 et
771 595 896 668 propter
922 590 1034 651 utullus
1075 591 1105 650 iu
1141 591 1233 650 rebus
1271 591 1419 652 enarratis
1446 608 1569 651 errores
1606 589 1764 673 hocopus
1793 600 1855 659 riri

207 700 333 783 ingenia
359 698 515 781 indiguum
543 700 721 760 halmcruut.
772 699 854 761 ldcm
881 701 945 763 iere
975 704 1211 765 il'estermauna
1238 705 1336 785 placet
1363 705 1393 764 in
1419 704 1697 787 „commentatione
1723 705 1762 767 de
1786 726 1848 769 au-

209 821 294 875 ctore
320 823 349 874 et
377 815 556 875 auctoritaie
582 813 649 875 libri
676 816 727 895 qui
753 815 927 876 inscribitur
952 819 1032 878 ritae
1057 818 1083 878 X
1109 819 1298 901 oratoruui‘·‚
1336 835 1437 896 neque
1462 814 1596 877 ,lleierus
1621 817 1763 880 llalensis
1790 820 1851 881 ad-

209 929 413 989 versariorum
440 927 529 989 huius
556 931 726 990 sententiae
752 928 841 989 saeile
866 932 1067 1011 grauissimus
1091 934 1122 992 in
1149 932 1427 1011 „commentatione
1463 938 1571 1009 quauta
1607 928 1647 993 de
1671 932 1852 1015 Andocidis,

210 1061 294 1123 qliae
320 1043 415 1126 uulgo
443 1041 538 1102 lerhu
561 1042 701 1103 erratione
726 1042 1065 1123 eontru.lleibiadem,··'
1091 1063 1205 1125 negare
1231 1052 1342 1125 potest.
1370 1051 1492 1103 exstare
1517 1044 1546 1103 in
1573 1044 1640 1105 istis
1666 1047 1746 1125 uitis
1769 1066 1852 1128 quae

210 1174 277 1217 cum
303 1157 421 1239 reliqna
448 1153 597 1217 Plutarchi
624 1157 742 1216 ratione
775 1156 895 1217 dicendi
921 1158 1044 1217 minime
1070 1156 1254 1239 discrepent.
1292 1157 1346 1218 sed
1373 1176 1452 1238 quac
1479 1156 1588 1217 eadem
1614 1160 1735 1239 sapiant
1760 1178 1849 1223 com-

209 1278 422 1333 mentatorem.
454 1272 505 1351 qui
533 1270 664 1351 aliquam
691 1289 759 1330 cum
785 1269 934 1330 Plutarchi
961 1271 1046 1337 libris
1074 1271 1151 1333 lorte
1176 1270 1409 1333 familiaritatem
1436 1273 1632 1337 contraxerit.
1681 1271 1720 1333 Et
1742 1275 1852 1337 merito

209 1383 332 1465 quidem
359 1387 389 1445 in
415 1385 549 1444 t'itarum
578 1391 734 1444 auctorem
772 1383 923 1445 inuehitur
950 1386 989 1445 ob
1017 1404 1149 1449 errores.
1186 1387 1236 1466 qui
1265 1385 1324 1445 ..ab
1352 1403 1462 1466 ariagno
1489 1384 1639 1465 scriptore
1664 1404 1705 1447 ne
1729 1390 1854 1449 somni-

211 1506 284 1559 ante
307 1498 429 1579 quidem
457 1499 602 1558 committi
629 1500 782 1577 possint-³
808 1516 937 1580 quorum
963 1517 1054 1559 unum
1082 1501 1272 1579 potissimum
1300 1518 1338 1559 es
1364 1498 1633 1578 ritaAutiphontis
1659 1499 1852 1580 desumptum

211 1620 295 1674 recte
321 1613 469 1693 castigem
495 1630 597 1693 neque
624 1611 782 1673 acerbiora
809 1621 889 1691 sunt,
917 1631 996 1694 quae
1022 1612 1120 1673 addit:
1164 1613 1260 1692 „Nam
1286 1611 1362 1672 haec
1388 1630 1449 1672 riou
1475 1618 1520 1671 est
1547 1613 1636 1671 unius
1663 1612 1853 1695 alteriusque

210 1727 281 1806 loci,
307 1727 397 1787 unius
423 1727 513 1806 ritae,
538 1726 595 1787 sed
622 1723 728 1785 eadem
755 1730 848 1786 tutius
874 1725 941 1786 libri
967 1729 1054 1805 ratio.
1082 1746 1143 1807 qino
1155 1728 1261 1787 decem
1288 1733 1442 1786 oratorum
1467 1726 1548 1785 ritae
1559 1728 1748 1807 perscriptae
1764 1738 1853 1801 sunt;

212 1840 331 1921 evolve,
359 1850 390 1902 ut
416 1838 474 1901 boc
500 1858 623 1920 quoque
648 1846 726 1915 uim,
752 1839 920 1899 :tralucidis
947 1841 1055 1903 titium:
1083 1847 1179 1901 scatet
1206 1860 1242 1901 ea
1269 1839 1391 1919 quidem
1417 1838 1570 1919 sordibus,
1604 1857 1682 1920 quas
1704 1840 1853 1905 librario-

212 1974 278 2016 rum
304 1955 392 2035 eulpa
419 1956 615 2032 contraxerit,
654 1961 746 2032 atqtie
774 1954 934 2013 irrasimam
960 1961 1076 2032 partem
1104 1953 1314 2015 deficientibus
1340 1952 1517 2013 melioribus
1544 1952 1629 2013 libris
1654 1972 1735 2015 nunc
1761 1975 1853 2018 ema·

212 2068 308 2129 calari
334 2086 396 2129 non
423 2067 504 2145 licet,
545 2067 600 2127 sed
627 2064 774 2146 ‹piiduuid
810 2086 864 2146 per
889 2066 944 2127 lias
976 2067 1086 2128 sordes
1113 2067 1241 2149 intelligi
1267 2075 1378 2145 potest.
1415 2065 1486 2125 nihil
1524 2075 1660 2129 estnon
1694 2069 1853 2131 erroribus

213 2184 311 2261 ipsius
338 2182 495 2261 scriptoris
521 2182 741 2260 inquinatums'
762 2178 792 2261 ⁵]
843 2181 976 2252 (litorum
1017 2200 1153 2242 errorum
1179 2182 1228 2241 rel
1262 2182 1392 2241 maxime
1427 2182 1588 2261 insignem,
1627 2181 1723 2261 locus,
1757 2200 1850 2263 quem

214 2314 306 2376 supra
343 2293 545 2371 laudavimus.
594 2296 623 2352 in
660 2295 706 2373 iis,
750 2313 829 2377 (ptine
865 2295 903 2354 ‹le
939 2295 1039 2374 Lysia.
1073 2295 1183 2355 ibidem
1221 2295 1311 2355 allata
1350 2300 1428 2369 suut,
1474 2293 1612 2355 exhibet:
1661 2288 1737 2359 ὥστ’
1771 2287 1852 2359 εἶναι

213 2412 432 2491 πρεσβύτεροι·
457 2407 550 2472 αι’-τοι·
574 2414 701 2472 .1ι·οιόι·
727 2407 810 2472 darei
836 2431 898 2472 ποι·
924 2410 1044 2489 iactor,
1081 2411 1163 2491 ‹pirod
1188 2410 1409 2490 ineptissimum
1436 2426 1519 2469 esse,
1558 2409 1622 2468 sire
1661 2408 1851 2472 librariorum

214 2524 302 2604 culpa
330 2523 387 2585 hoc
413 2524 517 2583 uitium
544 2525 704 2601 contraxit,
733 2525 798 2584 sire
825 2542 881 2583 sua
909 2524 1104 2607 neglegentia
1123 2526 1232 2585 errarit
1242 2520 1429 2583 Plutarchus
1464 2522 1512 2581 rel
1539 2521 1648 2582 leviter
1673 2522 1852 2604 adspicien-

214 2638 294 2697 tibus
322 2645 456 2718 apparet.
507 2636 550 2698 Ea
577 2655 700 2718 quoque
726 2637 886 2697 medicina.
924 2648 1013 2719 quam
1056 2641 1122 2719 ipsc
1149 2646 1255 2699 auum
1278 2637 1308 2696 in
1334 2638 1394 2695 vita
1419 2635 1528 2714 Lysiae
1554 2634 1623 2695 huic
1647 2636 1717 2697 luco
1744 2636 1855 2698 allerre

213 2752 341 2817 ridetur.
378 2770 479 2831 neque
504 2753 570 2830 ipsa
598 2769 672 2810 sana
699 2758 728 2811 et
754 2752 825 2809 sitia
853 2751 988 2813 tollendo
1015 2753 1136 2812 minime
1163 2751 1273 2811 idonea
1297 2758 1362 2824 est;
1400 2749 1509 2829 probat
1541 2748 1661 2825 eadem,
1688 2758 1772 2811 recte
1796 2770 1854 2813 re-

213 2864 415 2944 prehendisse
440 2864 601 2925 lleierum.
628 2882 728 2944 neque
767 2871 867 2924 tamen
906 2865 1034 2926 Beckeri
1069 2868 1249 2945 sententiae,
1287 2882 1377 2944 quam
1405 2881 1496 2942 supra
1535 2866 1854 2945 commemoravimus²

214 2976 315 3039 etheit.
366 2976 505 3038 llelatum
531 2982 610 3039 enim
636 2978 767 3060 legimus
794 2976 922 3039 ibidem:
950 2974 982 3053 θ)
1008 2985 1172 3060 yar-amaa,-
1193 2978 1352 3059 nra-aiae)
1380 2976 1558 3055 Ἀθήνῃσιν
1582 2976 1631 3039 ἐπὶ
1657 2980 1854 3053 Φιλοκλέους

214 3088 370 3176 ἄρχοντος
399 3099 459 3155 τοῦ
492 3094 572 3172 μετὰ
598 3093 764 3173 Φρασικλῆ
806 3096 887 3155 κατὰ
922 3098 960 3156 τὸ
1002 3093 1151 3177 δεύτεροι·
1185 3090 1258 3166 ἔτος
1295 3100 1353 3174 τῆς
1387 3088 1609 3171 ὀγδοηκοστῆς
1649 3088 1855 3173 ὀλυμπιάδος

214 3214 244 3267 ct
269 3206 349 3267 baud
375 3209 416 3267 ita
442 3206 544 3266 multis
569 3206 755 3285 interpositis
782 3206 811 3265 in
838 3207 946 3267 eudem
970 3209 1030 3267 rita
1058 3216 1173 3287 atictor,
1212 3215 1365 3286 tamquam
1394 3205 1452 3265 alio
1486 3202 1618 3285 quodam
1644 3212 1737 3285 atque
1764 3213 1852 3266 antea

213 3339 288 3381 usus
315 3329 399 3381 esset
426 3319 509 3382 laute
536 3338 636 3401 neque
662 3320 728 3399 ipse
754 3338 818 3380 rem
844 3328 958 3381 certam
985 3328 1076 3401 atque
1110 3321 1298 3401 exploratam
1337 3319 1461 3379 liaberet
1488 3326 1516 3378 et
1544 3317 1657 3399 addita,
1696 3316 1777 3399 quod
1803 3324 1849 3377 est

212 3435 301 3513 quari
344 3432 530 3495 dubitantius
570 3432 734 3514 loquentis,
772 3433 866 3494 rerba
904 3438 1012 3519 peruia,
1049 3434 1128 3495 idem
1165 3437 1269 3494 iterat:
1306 3433 1335 3505 7')
1363 3436 1552 3514 γιιιιςθιξιτιι
1593 3430 1629 3494 δέ
1663 3452 1761 3517 φασιν
1798 3428 1852 3493 ἐπὶ

211 3548 407 3621 octonarum
433 3544 599 3631 ἄρχοι-τος,
634 3546 663 3606 id
689 3546 770 3625 quod
807 3565 882 3608 sarie
920 3547 1109 3610 collectanea
1135 3556 1310 3607 exarantem
1338 3549 1426 3628 sapit.
1477 3547 1593 3619 Quibus
1620 3545 1696 3607 locis
1723 3545 1749 3605 si
1774 3544 1849 3605 tides

210 3660 351 3721 halmnda
378 3671 472 3739 esset,
498 3661 649 3723 uocabulo
676 3662 787 3722 ἐκιιτοί·
812 3678 879 3719 cum
906 3660 1017 3723 l'atero
1044 3657 1074 3743 s,
1102 3660 1347 3722 substituendum
1375 3679 1446 3721 esse
1472 3666 1560 3741 diac,
1595 3676 1695 3739 neque
1720 3666 1751 3719 ut
1777 3658 1849 3740 pla-

209 3776 268 3833 cuit
295 3775 425 3855 Taulara
452 3776 547 3855 ὀκτὼ,
586 3786 617 3837 ut
652 3777 719 3835 aliis
743 3776 839 3853 iia-ia,
875 3773 976 3837 εἴκοσι
1015 3775 1181 3856 legendnm
1216 3792 1297 3853 esse,
1339 3773 1428 3835 iacile
1467 3781 1602 3855 apparet.
1659 3773 1739 3846 Quid
1765 3793 1850 3854 sero,

209 3888 291 3969 quod
330 3889 386 3951 liae
424 3892 541 3953 ratione
578 3908 645 3950 cam
683 3890 843 3970 plurimum
880 3888 1073 3951 librariorum
1110 3887 1252 3948 iiic-mlum
1290 3887 1437 3950 tollatur?
1484 3886 1559 3948 Nam
1593 3889 1683 3949 inre
1710 3897 1852 3952 errurrata

208 4001 397 4065 Plutarchum
425 4005 473 4065 rel
501 4006 545 4064 sic
570 4004 767 4063 uehementer
793 4022 925 4063 errasse,
963 4021 1023 4062 nun
1050 4004 1204 4063 mininrum
1231 4002 1369 4063 eiusdem
1396 4002 1497 4061 l'ateri
1523 4020 1617 4081 opera
1643 4005 1851 4083 praestantis-

208 4117 284 4178 sime
310 4120 349 4180 de
375 4139 412 4181 ea
437 4138 471 4179 re
498 4118 679 4179 disserentis
705 4107 737 4179 ”l
764 4123 893 4176 constat.
934 4136 1034 4196 uecme
1059 4116 1190 4197 amplius
1228 4116 1363 4197 dubium,
1401 4116 1521 4197 Lysiam
1548 4115 1633 4177 mdlo
1660 4118 1752 4179 moda
1778 4115 1849 4175 Phi-

208 4276 514 4291 ···--——.-.—--—-—

309 4368 333 4403 ·‘=·
355 4368 410 4417 1,.1.

309 4456 334 4495 (ι
354 4470 394 4507 οε,
413 4454 463 4502 aar
481 4454 582 4503 llntlen.

308 4542 333 4587 ῗι
354 4556 395 4602 [ιο.
413 4539 462 4588 ’232
482 4538 580 4588 llntten.

307 4624 332 4677 St
353 4626 443 4674 lterum
462 4624 667 4674 ,lmlmidcarum
686 4625 774 4689 partic.
793 4624 809 4676 l.
830 4640 871 4691 pgr.
888 4622 929 4673 3·l.

305 4712 331 4761 lt
350 4711 440 4761 herrant
461 4710 664 4763 ,tndmidcarum
684 4714 771 4775 partic.
790 4711 818 4760 ll.
852 4709 938 4760 lahu‘s
955 4710 1115 4761 lahrlmchcr
1133 4710 1264 4767 laturamr
1287 4712 1356 4761 talll.
